@article{Allenby:1998,
	Author = {Allenby, Greg M and Arora, Neeraj and Ginter, James L},
	Journal = {Journal of Marketing Research},
	Number = {3},
	Pages = {384--389},
	Title = {{On the Heterogeneity of Demand}},
	Volume = {35},
	Year = {1998}}

@article{Watanabe:2010,
	Author = {Watanabe, Sumio},
	Journal = {Journal of Machine Learning Research},
	Month = dec,
	Pages = {3571--3594},
	Title = {{Asymptotic Equivalence of Bayes Cross Validation and Widely Applicable Information Criterion in Singular Learning Theory}},
	Volume = {11},
	Year = {2010}}
	
@misc{bayesm:2018,
	Author = {Peter E. Rossi},
	Note = {R package version 3.1-1},
	Title = {bayesm: Bayesian Inference for Marketing/Micro-Econometrics},
	Url = {https://CRAN.R-project.org/package=bayesm},
	Year = {2018},
	Bdsk-Url-1 = {https://CRAN.R-project.org/package=bayesm}}
	
@misc{loo:2018,
	Author = {Aki Vehtari and Jonah Gabry and Yuling Yao and Andrew Gelman},
	Note = {R package version 2.0.0},
	Title = {loo: Efficient leave-one-out cross-validation and WAIC for Bayesian models},
	Url = {https://CRAN.R-project.org/package=loo},
	Year = {2018},
	Bdsk-Url-1 = {https://CRAN.R-project.org/package=loo}}
